<record>
    <datafield tag="035" ind1=" " ind2=" ">
        <subfield code="9">INSPIRE</subfield>
        <subfield code="a">INSPIRE-00304072</subfield>
    </datafield>
    <datafield tag="035" ind1=" " ind2=" ">
        <subfield code="9">arXiv</subfield>
        <subfield code="a">abazajian_k_1</subfield>
    </datafield>
    <datafield tag="035" ind1=" " ind2=" ">
        <subfield code="9">BAI</subfield>
        <subfield code="a">K.Abazajian.1</subfield>
    </datafield>
    <datafield tag="035" ind1=" " ind2=" ">
        <subfield code="9">ORCID</subfield>
        <subfield code="a">0000-0001-9919-6362</subfield>
    </datafield>
    <datafield tag="100" ind1=" " ind2=" ">
        <subfield code="a">Abazajian, Kevork N.</subfield>
        <subfield code="b">Jr.</subfield>
        <subfield code="g">ACTIVE</subfield>
        <subfield code="q">Kevork N. Abazajian</subfield>
        <subfield code="c">Sir</subfield>
        <subfield code="g">ACTIVE</subfield>
        <subfield code="d">1908-05-23 - 1991-01-30</subfield>
    </datafield>
    <datafield tag="371" ind1=" " ind2=" ">
        <subfield code="a">UC, Irvine</subfield>
        <subfield code="m">kevork@uci.edu</subfield>
        <subfield code="r">SENIOR</subfield>
        <subfield code="s">2013</subfield>
        <subfield code="z">Current</subfield>
    </datafield>
    <datafield tag="371" ind1=" " ind2=" ">
        <subfield code="a">UC, Irvine</subfield>
        <subfield code="r">JUNIOR</subfield>
        <subfield code="s">2011</subfield>
        <subfield code="t">2013</subfield>
    </datafield>
    <datafield tag="371" ind1=" " ind2=" ">
        <subfield code="a">Maryland U.</subfield>
        <subfield code="o">kev@umd.edu</subfield>
        <subfield code="r">JUNIOR</subfield>
        <subfield code="s">2006</subfield>
        <subfield code="t">2011</subfield>
    </datafield>
    <datafield tag="371" ind1=" " ind2=" ">
        <subfield code="a">Los Alamos</subfield>
        <subfield code="r">PD</subfield>
        <subfield code="s">2003</subfield>
        <subfield code="t">2006</subfield>
    </datafield>
    <datafield tag="371" ind1=" " ind2=" ">
        <subfield code="a">Fermilab</subfield>
        <subfield code="r">PD</subfield>
        <subfield code="s">2001</subfield>
        <subfield code="t">2003</subfield>
    </datafield>
    <datafield tag="371" ind1=" " ind2=" ">
        <subfield code="a">UC, San Diego</subfield>
        <subfield code="r">PHD</subfield>
        <subfield code="s">1996</subfield>
        <subfield code="t">2001</subfield>
    </datafield>
    <datafield tag="371" ind1=" " ind2=" ">
        <subfield code="a">Houston U.</subfield>
        <subfield code="r">UG</subfield>
        <subfield code="s">1992</subfield>
        <subfield code="t">1996</subfield>
    </datafield>
    <datafield tag="400" ind1=" " ind2=" ">
        <subfield code="a">Abazajian, Kev N.</subfield>
    </datafield>
    <datafield tag="400" ind1=" " ind2=" ">
        <subfield code="a">Abazajian, Kevork Nazar.</subfield>
    </datafield>
    <datafield tag="541" ind1=" " ind2=" ">
        <subfield code="a">inspire:uid:50000</subfield>
        <subfield code="b">example@gmail.com</subfield>
        <subfield code="c">submission</subfield>
        <subfield code="d">2015-12-10</subfield>
        <subfield code="e">339830</subfield>
    </datafield>
    <datafield tag="595" ind1=" " ind2=" ">
        <subfield code="a">This is a hidden note</subfield>
    </datafield>
    <datafield tag="595" ind1=" " ind2=" ">
        <subfield code="m">abdessel@math.univ-paris13.fr</subfield>
        <subfield code="o">craig.aalseth@pnl.gov</subfield>
    </datafield>
    <datafield tag="650" ind1="1" ind2="7">
        <subfield code="2">INSPIRE</subfield>
        <subfield code="a">ASTRO-PH</subfield>
    </datafield>
    <datafield tag="650" ind1="1" ind2="7">
        <subfield code="2">INSPIRE</subfield>
        <subfield code="a">HEP-PH</subfield>
    </datafield>
    <datafield tag="667" ind1=" " ind2=" ">
        <subfield code="a">Global change from TRIUMFCL to TRIUMF.CA made in Feb 93.</subfield>
    </datafield>
    <datafield tag="670" ind1=" " ind2=" ">
        <subfield code="a">webform</subfield>
    </datafield>
    <datafield tag="670" ind1=" " ind2=" ">
        <subfield code="d">2011-07-05</subfield>
    </datafield>
    <datafield tag="670" ind1=" " ind2=" ">
        <subfield code="d">2014-07-24</subfield>
    </datafield>
    <datafield tag="670" ind1=" " ind2=" ">
        <subfield code="d">2015-12-22</subfield>
    </datafield>
    <datafield tag="678" ind1=" " ind2=" ">
        <subfield code="a">Nobel Prize Physics 2003</subfield>
    </datafield>
    <datafield tag="701" ind1=" " ind2=" ">
        <subfield code="a">Fuller, George M.</subfield>
        <subfield code="g">PHD</subfield>
        <subfield code="i">INSPIRE-00147892</subfield>
    </datafield>
    <datafield tag="856" ind1="4" ind2=" ">
        <subfield code="u">https://twitter.com/kevaba</subfield>
        <subfield code="y">TWITTER</subfield>
    </datafield>
    <datafield tag="856" ind1="4" ind2=" ">
        <subfield code="u">http://www.physics.uci.edu/~kevork/</subfield>
    </datafield>
    <datafield tag="880" ind1=" " ind2=" ">
        <subfield code="a">麦迪娜</subfield>
    </datafield>
    <datafield tag="909" ind1="C" ind2="O">
        <subfield code="o">oai:inspirehep.net:1019097</subfield>
        <subfield code="p">INSPIRE:HepNames</subfield>
    </datafield>
    <datafield tag="961" ind1=" " ind2=" ">
        <subfield code="x">1999-09-29</subfield>
    </datafield>
    <datafield tag="961" ind1=" " ind2=" ">
        <subfield code="c">2011-07-05</subfield>
    </datafield>
    <datafield tag="970" ind1=" " ind2=" ">
        <subfield code="a">HEPNAMES-419532</subfield>
    </datafield>
    <datafield tag="980" ind1=" " ind2=" ">
        <subfield code="a">HEPNAMES</subfield>
    </datafield>
    <datafield tag="980" ind1=" " ind2=" ">
        <subfield code="a">USEFUL</subfield>
    </datafield>
</record>
